%________________________________________________________________________
% LEIM | PROJETO
% 2022 / 2012 / 2013
% Modelo para relatorio | bibliografia
% PTS / MAR.2022 / MAI.2013
%________________________________________________________________________



% ------------------------------------------------------------------------
% ------------------------------------------------------------------------
% ------------------------------------------------------------------------
@ARTICLE{Elzinga_Mills_2011,
  AUTHOR =       {Kenneth Elzinga and David Mills},
  TITLE =        {The Lerner Index of Monopoly Power: Origins and Uses},
  JOURNAL =      {American Economic Review: Papers \& Proceedings},
  YEAR =         {2011},
  volume =       {101},
  number =       {3},
  pages =        {},
  month =        {January},
  note =         {},
  abstract =     {},
  keywords =     {},
  source =       {http://ssrn.com/abstract=1884993},
}



% ------------------------------------------------------------------------
% ------------------------------------------------------------------------
% ------------------------------------------------------------------------
@INPROCEEDINGS{Boutilier_et_al_1995,
  AUTHOR =       {Craig Boutilier and Richard Dearden and Moise's Goldszmidt},
  TITLE =        {Exploiting Structure in Policy Construction},
  BOOKTITLE =    {Proceedings of the IJCAI-95},
  YEAR =         {1995},
  editor =       {},
  volume =       {},
  number =       {},
  series =       {},
  pages =        {1104--1111},
  address =      {},
  month =        {},
  organization = {},
  publisher =    {},
  note =         {},
  abstract =     {},
  keywords =     {},
  url =          {},
}



% ------------------------------------------------------------------------
% ------------------------------------------------------------------------
% ------------------------------------------------------------------------
@BOOK{Bellifemine_et_al_2007,
  AUTHOR =       {Fabio Luigi Bellifemine and Giovanni Caire and Dominic Greenwood},
  editor =       {},
  TITLE =        {Developing Multi-Agent Systems with {JADE}},
  PUBLISHER =    {Wiley},
  YEAR =         {2007},
  volume =       {},
  number =       {},
  series =       {Wiley Series in Agent Technology},
  address =      {},
  edition =      {},
  month =        {April},
  note =         {},
  abstract =     {},
  isbn =         {},
  price =        {},
  keywords =     {},
  source =       {},
}



% ------------------------------------------------------------------------
% ------------------------------------------------------------------------
% ------------------------------------------------------------------------
@INBOOK{Wooldridge_2000,
  AUTHOR =       {Michael Wooldridge},
  editor =       {},
  TITLE =        {Reasoning About Rational Agents},
  CHAPTER =      {Implementing Rational Agents},
  pages =        {},
  PUBLISHER =    {The MIT Press},
  YEAR =         {2000},
  volume =       {},
  number =       {},
  series =       {},
  type =         {},
  address =      {},
  edition =      {},
  month =        {},
  note =         {},
  abstract =     {},
  keywords =     {},
}



% ------------------------------------------------------------------------
% ------------------------------------------------------------------------
% ------------------------------------------------------------------------
@INCOLLECTION{Howard_Matheson_1984,
  AUTHOR =       {Ronald Howard and James Matheson},
  TITLE =        {Influence Diagrams},
  BOOKTITLE =    {Readings on the Principles and Applications of Decision Analysis},
  PUBLISHER =    {Strategic Decision Group},
  YEAR =         {1984},
  editor =       {},
  volume =       {2},
  number =       {},
  series =       {},
  type =         {},
  chapter =      {},
  pages =        {721--762},
  address =      {Menlo Park, CA},
  edition =      {},
  month =        {},
  note =         {},
  abstract =     {},
  keywords =     {},
}



% ------------------------------------------------------------------------
% ------------------------------------------------------------------------
% ------------------------------------------------------------------------
@MISC{Python_2012,
  author =       {Python3.2.3},
  title =        {Python Programming Language},
  howpublished = {\url{http://docs.python.org/py3k/}},
  year =         {2012},
  month =        {Apr.},
  note =         {},
  abstract =     {},
  keywords =     {},
  source =       {},
}

@MISC{ciberduvidas,
  author =       {ISCTE},
  title =        {Ciberdúvidas da Língua Portuguesa},
  howpublished = {\url{https://ciberduvidas.iscte-iul.pt/}},
  year =         {site},
  month =        {},
  note =         {},
  abstract =     {},
  keywords =     {},
  source =       {},
}


% ------------------------------------------------------------------------
% ------------------------------------------------------------------------
% ------------------------------------------------------------------------
@TECHREPORT{Marin_2006,
  AUTHOR =       {Draltan Marin},
  TITLE =        {A Formalization of {RDF} (Applications de la Logique á la sémantique du {Web})},
  INSTITUTION =  {Dept. Computer Science, Ecole Polytechnique, Universidad de Chile},
  YEAR =         {2006},
  type =         {},
  number =       {},
  address =      {TR/DCC-2006-8},
  month =        {},
  note =         {},
  abstract =     {},
  keywords =     {},
  source =       {},
}




% ------------------------------------------------------------------------
% ------------------------------------------------------------------------
% ------------------------------------------------------------------------


%% Na introdução - o que é o padel %%
@article{courel2019exploring,
  title={Exploring game dynamics in padel: Implications for assessment and training},
  author={Courel-Ib{\'a}{\~n}ez, Javier and Martinez, Bernardino J S{\'a}nchez-Alcaraz and Mar{\'\i}n, Diego Mu{\~n}oz},
  journal={The Journal of Strength \& Conditioning Research},
  volume={33},
  number={7},
  pages={1971--1977},
  year={2019},
  publisher={LWW},
}

%% Na introdução - a referência para a imagem %%
@misc{tennisnerd_padel_2019,
  title={What is Padel Tennis?},
  author={Tennisnerd},
	howpublished = {\url{https://tennisnerd.net/padel/what-is-padel-tennis/15893}},
	year={2015},
	month={Nov},
}


%% No capítulo Motivação - o como é que o ouvido humano discrimina os sons (página 64 no browser, não no livro: está no separador Sound Discrimination) %%
@article{national2004hearing,
  title={Hearing loss: Determining eligibility for social security benefits},
  author={National Research Council and others},
  year={2004},
  publisher={National Academies Press},
}


%% No capítulo "Fundamentos" - A análise e processamento de sinais %%
@article{sampaio2006analise,
  title={An{\'a}lise e processamento de sinais},
  author={Sampaio, Rubens and Cataldo, Edson and BRAND{\~A}O, A},
  journal={Sociedade Brasileira de Matem{\'a}tica Aplicada e Computacional. S{\~a}o Paulo},
  year={2006}
}

%%No capitulo "Fundamentos" - amostragem %%
@MISC{eng_libretexts_sampling,
  author =       {Engineering LibreTexts},
  title =        {Signal Sampling},
  howpublished = {\url{https://eng.libretexts.org/Bookshelves/Electrical_Engineering/Signal_Processing_and_Modeling/Signals_and_Systems_(Baraniuk_et_al.)/10%3A_Sampling_and_Reconstruction/10.01%3A_Signal_Sampling}},
  year =         {2022},
  month =        {May},
  note =         {},
  abstract =     {},
  keywords =     {},
  source =       {},
}


%%No capitulo "Fundamentos" - interpolação %%
@MISC{eng_libretexts_reconstruction,
  author =       {Engineering LibreTexts},
  title =        {Signal Sampling},
  howpublished = {\url{https://eng.libretexts.org/Bookshelves/Electrical_Engineering/Signal_Processing_and_Modeling/Signals_and_Systems_(Baraniuk_et_al.)/10%3A_Sampling_and_Reconstruction/10.03%3A_Signal_Reconstruction}},
  year =         {2022},
  month =        {May},
  note =         {},
  abstract =     {},
  keywords =     {},
  source =       {},
}

%% No capítulo "Fundamentos" - o que é a freq de amostragem%%
@article{evianyquist,
  title={Nyquist Sampling Theorem},
  author={Evia, Arnold},
  publisher={Citeseer},
	year={visitado em Jul.2022},
}

%% No capítulo "Fundamentos" - o que é a freq de amostragem e porque se usa os valores 44.1kHz e 48kHz%%
@article{brown2019digital,
  title={Digital audio basics: sample rate and bit depth},
  author={Brown, G},
  journal={Dostupno na: https://www. izotope. com/en/learn/digital-audio-basics-sample-rate-and-bit-depth. html [15. rujna 2020.]},
  year={2019}
}

%%No capitulo "Fundamentos" - transformada de Fourier %%
@incollection{SEMMLOW201281,
title = {Chapter 3 - Fourier Transform: Introduction},
editor = {John Semmlow},
booktitle = {Signals and Systems for Bioengineers (Second Edition)},
publisher = {Academic Press},
edition = {Second Edition},
address = {},
pages = {81-129},
year = {2012},
series = {Biomedical Engineering},
isbn = {978-0-12-384982-3},
doi = {https://doi.org/10.1016/B978-0-12-384982-3.00003-1},
url = {https://www.sciencedirect.com/science/article/pii/B9780123849823000031},
author = {John Semmlow},
keywords = {},
abstract = {},
}


%% No capítulo "Fundamentos" - ML, AI,  %%
@article{janiesch2021machine,
  title={Machine learning and deep learning},
  author={Janiesch, Christian and Zschech, Patrick and Heinrich, Kai},
  journal={Electronic Markets},
  volume={31},
  number={3},
  pages={685--695},
  year={2021},
  publisher={Springer},
}

%% No capítulo "Fundamentos" - 3 Tipos de ML  %%
@article{sah2020machine,
  title={Machine learning: a review of learning types},
  author={Sah, Shagan},
  year={2020},
  publisher={Preprints},
}


%%No capitulo "Fundamentos" - o que é um dataset%%
@MISC{digital_house_2022,
  author =       {Digital House},
  title =        {Datasets},
  howpublished = {\url{https://www.digitalhouse.com/br/blog/dataset/}},
  year =         {2022},
  month =        {Mar},
  note =         {},
  abstract =     {},
  keywords =     {},
  source =       {},
}


%%No capitulo "Fundamentos" - Característica Onset %%
@phdthesis{rosao2012onset,
  title={Onset detection in music signals},
  author={Ros{\~a}o, Carlos Manuel Tadeia},
  year={2012},
}


%%No capitulo "Fundamentos" - Característica extraídas do áudio - Spectral flux, RMS e outras %%
@MISC{meyda_2022,
  author =       {Meyda},
  title =        {Audio feature extraction for JavaScript},
  howpublished = {\url{https://meyda.js.org/audio-features.html}},
  year =         {visitado em Jul.2022},
  month =        {},
  note =         {},
  abstract =     {},
  keywords =     {},
  source =       {},
}


%%No capitulo "Fundamentos" - Característica extraídas do áudio - RMS, Onset e outras %%
@article{room2021audio,
  title={Audio Feature Extraction},
  author={Room, Chat},
  journal={machine learning},
  volume={16},
  number={17},
  pages={51},
  year={2021}
}

%%No capitulo "Fundamentos" - Desequilibrio no dataset %%
@article{badr2019having,
  title={Having an imbalanced dataset? Here is how you can fix it},
  author={Badr, Will},
  journal={Towards Data Science},
  volume={22},
  year={2019}
}


%%No capitulo "Fundamentos" - O que é uma rede neuronal? %%
@misc{burnsneural,
  title={What is a neural network? Explanation and examples},
  author={Burns, E},
  publisher={Dohva{\'c}eno iz TechTarget: https://searchenterpriseai. techtarget. com~},
	howpublished = {\url{https://www.techtarget.com/searchenterpriseai/definition/neural-network}},
	year={2022},
	month={Jul},
}


%%No capitulo "Fundamentos" - Escolha do nr. correto de camadas e neurónios nas camadas%%
@article{krishnandetermine,
  title={How to determine the number of layers and neurons in the hidden layer},
  author={Krishnan, Sandhya},
  journal={URL: https://medium. com/geekculture/introduction-to-neuralnetwork-2f8b8221fbd3},
	year={2021},
}

%%No capitulo "Fundamentos" - como funciona uma rede neuronal e explicação de como se comporta um neurónio? %%
@misc{medium_2019,
  title={A Beginner Intro to Neural Networks},
  author={Medium},
	howpublished = {\url{https://purnasaigudikandula.medium.com/a-beginner-intro-to-neural-networks-543267bda3c8}},
	year={2019},
	month={Mar},
}

%%No capitulo "Fundamentos" - o que é um hiper-parametro %%
@article{nyuytiymbiy2021parameters,
  title={Parameters and Hyperparameters in Machine Learning and Deep Learning},
  author={Nyuytiymbiy, Kizito},
  journal={Medium. https://towardsdatascience. com/parameters-and-hyperparameters-aa609601a9ac (April 22, 2021)},
  year={2021}
}


%%No capitulo "Fundamentos" - o que é o dropout %%
@misc{medium_2020,
  title={A Simple Introduction to Dropout Regularization (With Code!)},
  author={Nisha McNealis},
	howpublished = {\url{https://medium.com/analytics-vidhya/a-simple-introduction-to-dropout-regularization-with-code-5279489dda1e}},
	year={2020},
	month={Apr},
}


%%No capitulo "Fundamentos" - o que são as normas L1 e L2 %%
@misc{builtin_2021,
  title={A Guide to Regularization in Python},
  author={Sadrach Pierre},
	howpublished = {\url{https://builtin.com/data-science/overfitting-regularization-python}},
	year={2021},
	month={Nov},
}



%%No capitulo "Rede Neuronal" - função de ativação %%
@article{brownlee2021choose,
  title={How to choose an activation function for deep learning},
  author={Brownlee, Jason},
  journal={Machine Learning Mastery},
  year={2021}
}

%%No capitulo "Rede Neuronal" - método de otimização %%
@article{doshi2019various,
  title={Various optimization algorithms for training neural network},
  author={Doshi, Sanket},
  journal={Towards data science},
  volume={13},
  year={2019}
}

%%No capitulo "Rede Neuronal" - como funciona uma rede neuronal e explicação do nº de epocas, batches e iterações %%
@misc{baeldungnn2019,
  title={The Difference Between Epoch and Iteration in Neural Networks},
  author={Baeldung},
	howpublished = {\url{https://www.baeldung.com/cs/neural-networks-epoch-vs-iteration#3-batch}},
	year={2022},
	month={Jun},
}

%%No capitulo "Rede Neuronal" - o que é uma rede neuronal %%
@article{rauberredes,
  title={Redes Neuronais Artificiais},
  author={Rauber, Thomas W},
  journal={Documento de Apoio (visitado em Jul, 2022)},
	year={visitado em Ago, 2022}
}

%%No capitulo "Classif e val. cruzada" - o que é a classif. e exemplos de classificadores %%
@article{brownlee4types,
  title={Types of Classification Tasks in Machine Learning},
  author={Brownlee, Jason},
  journal={Machine Learning Mastery, 4p. Available online at: https://machinelearningmastery. com/types-of-classification-in\~{} machine-learning (accessed November 25, 2021)},
  year={2022}
}


%%No capitulo "Classif e val. cruzada" - o que é validação cruzada? %%
@misc{mohammed_cv_2020,
  title={What is Cross-Validation?},
  author={Mohammed Alhamid},
	howpublished = {\url{https://towardsdatascience.com/what-is-cross-validation-60c01f9d9e75}},
	year={2020},
	month={Dec},
}

%%No capitulo "Classif e val. cruzada" - matriz de confusão e étricas de desempenho %%
@article{brownlee2020tour,
  title={Tour of evaluation metrics for imbalanced classification},
  author={Brownlee, Jason},
  journal={Vermont Victoria},
  year={2020}
}


%%No capitulo "Classif e val. cruzada" - f1-score e média harmónica %%
@misc{ml_harmonic_score_2017,
  title={Harmonic Precision-Recall Mean (F1 Score)},
  author={MachineLearning},
	howpublished = {\url{https://machinelearning.wtf/terms/harmonic-precision-recall-mean-f1-score/}},
	year={2017},
	month={Dec},
}


%%No capitulo "Classif e val. cruzada" - cross val. e stratified k fold %%
@article{muralidhar2021stratified,
  title={What Is Stratified Cross-Validation in Machine Learning?},
  author={Muralidhar, K},
  journal={Medium. Retrieved December},
  volume={12},
  pages={2021},
  year={2021}
}

%%No capitulo "Trabalho Relacionado" - Detection of tennis events from acoustic data %%
@inproceedings{baughman2019detection,
  title={Detection of tennis events from acoustic data},
  author={Baughman, Aaron and Morales, Eduardo and Reiss, Gary and Greco, Nancy and Hammer, Stephen and Wang, Shiqiang},
  booktitle={Proceedings Proceedings of the 2nd International Workshop on Multimedia Content Analysis in Sports},
  pages={91--99},
  year={2019}
}

%%No capitulo "Trabalho Relacionado" - A Human-in-the-Loop System for Sound Event Detection and Annotation %%
@article{kim2018human,
  title={A human-in-the-loop system for sound event detection and annotation},
  author={Kim, Bongjun and Pardo, Bryan},
  journal={ACM Transactions on Interactive Intelligent Systems (TiiS)},
  volume={8},
  number={2},
  pages={1--23},
  year={2018},
  publisher={ACM New York, NY, USA}
}

%%No capitulo "Trabalho Relacionado" - Multimodal Semantic Analysis and Annotation for Basketball Video %%
@article{liu2006multimodal,
  title={Multimodal semantic analysis and annotation for basketball video},
  author={Liu, Song and Xu, Min and Yi, Haoran and Chia, Liang-Tien and Rajan, Deepu},
  journal={EURASIP Journal on Advances in Signal Processing},
  volume={2006},
  pages={1--13},
  year={2006},
  publisher={Springer}
}

%%No capitulo "Trabalho Relacionado" - Audio-based Event Detection for Sports Video %%
@inproceedings{baillie2003audio,
  title={Audio-based event detection for sports video},
  author={Baillie, Mark and Jose, Joemon M},
  booktitle={International Conference on Image and Video Retrieval},
  pages={300--309},
  year={2003},
  organization={Springer}
}

%%No capitulo "Trabalho Relacionado" - Classification of Tennis Shots with a Neural Network Approach %%
@article{ganser2021classification,
  title={Classification of Tennis Shots with a Neural Network Approach},
  author={Ganser, Andreas and Hollaus, Bernhard and Stabinger, Sebastian},
  journal={Sensors},
  volume={21},
  number={17},
  pages={5703},
  year={2021},
  publisher={MDPI}
}

%%No capítulo Abordagem (criação do dataset), biblioteca librosa%%
@inproceedings{mcfee2015librosa,
  title={librosa: Audio and music signal analysis in python},
  author={McFee, Brian and Raffel, Colin and Liang, Dawen and Ellis, Daniel P and McVicar, Matt and Battenberg, Eric and Nieto, Oriol},
  booktitle={Proceedings of the 14th python in science conference},
  volume={8},
  pages={18--25},
  year={2015},
  organization={Citeseer}
}

%%No capítulo Abordagem (Criação do classificador), o que é o package Keras %%
@article{brownlee2020your,
  title={Your First Deep Learning Project in Python with Keras Step-By-Step},
  author={Brownlee, Jason},
  journal={Machine Learning Mastery},
  year={2020}
}




%%No capítulo Abordagem (Criação do classificador), ~ %%
@misc{bruno_odm_2019,
  title={Machine Learning sem código},
  author={Bruno Baptista},
	howpublished = {\url{https://medium.com/ensina-ai/machine-learning-sem-c%C3%B3digo-636d1a8f9081}},
	year={2019},
	month={Jul},
}


%% Na capítulo Abordagem - Desenvolvimento da app web (O que o AJAX) %%
@misc{w3schools_ajax_2022,
  title={What is AJAX?},
  author={W3schools},
	howpublished = {\url{https://www.w3schools.com/whatis/whatis_ajax.asp}},
	year={visitado em Set, 2022},
}



%%No capítulo Implementação - explicação software Adobe Audition %%
@article{adobe2013adobe,
  title={Adobe audition},
  author={Adobe, US},
  year={2013}
}


%%No capítulo Implementação - contrução do dataset (página do Pycharm) %%
@misc{jetbrains_pycharm_2022,
  title={Pycharm},
  author={Jetbrains},
	howpublished = {\url{https://www.jetbrains.com/pycharm/}},
	year={2022},
	month={Jul},
}


%% Na capítulo Construção do do classificador - regressor logistico vs rede neuronal %%
@misc{datasciencecentral_lrnn_2019,
  title={Logistic regression as a neural network},
  author={DataScienceCentral},
	howpublished = {\url{https://www.datasciencecentral.com/logistic-regression-as-a-neural-network/}},
	year={2019},
	month={Oct},
}


%% Na capítulo Implementação (Construção do do classificador) - O que é o Keras %%
@misc{keras_aboutkeras_2022,
  title={About Keras},
  author={Keras},
	howpublished = {\url{https://keras.io/about/}},
	year={visitado em Ago, 2022},
}

%% Na capítulo Implementação (Uso de NN na app ODM %%
@misc{orange3_2022_neuralnetwork,
  title={Neural Network},
  author={Orange3},
	howpublished = {\url{https://orange3.readthedocs.io/projects/orange-visual-programming/en/latest/widgets/model/neuralnetwork.html}},
	year={visitado em Ago, 2022},
}


%% Na capítulo Implementação (Uso de NN na app ODM %%
@misc{wikipedia_icon_2022,
  title={PHP},
  author={Wikipedia},
	howpublished = {\url{https://en.wikipedia.org/wiki/PHP}},
	year={visitado em Ago, 2022},
}


%% Na capítulo Validação e Testes (batch size > torna o processo de treino mais rápido) %%
@misc{interviewarea_batchsize_2022,
  title={How do I choose a batch size?},
  author={InterviewArea},
	howpublished = {\url{https://www.interviewarea.com/frequently-asked-questions/how-do-i-choose-a-batch-size}},
	year={visitado em Ago, 2022},
}



